<?xml version="1.0" encoding="UTF-8"?>
<collection xmlns:xsi="http://www.w3.org/2001/XMLSchema-instance" xsi:schemaLocation="http://www.loc.gov/MARC21/slim http://www.loc.gov/standards/marcxml/schema/MARC21slim.xsd" xmlns="http://www.loc.gov/MARC21/slim">
<record>
  <leader>00787cam a22002051i 4500</leader>
  <controlfield tag="001">2753360</controlfield>
  <controlfield tag="003">NNC</controlfield>
  <controlfield tag="005">20160718164932.0</controlfield>
  <controlfield tag="008">000330s1967    iq            000 0 ara d</controlfield>
  <datafield tag="035" ind1=" " ind2=" ">
    <subfield code="a">(OCoLC)ocm43744033</subfield>
  </datafield>
  <datafield tag="035" ind1=" " ind2=" ">
    <subfield code="9">ARL8581CU</subfield>
  </datafield>
  <datafield tag="035" ind1=" " ind2=" ">
    <subfield code="a">(NNC)2753360</subfield>
  </datafield>
  <datafield tag="040" ind1=" " ind2=" ">
    <subfield code="a">NHN</subfield>
    <subfield code="c">NHN</subfield>
    <subfield code="d">ZCU</subfield>
  </datafield>
  <datafield tag="090" ind1=" " ind2=" ">
    <subfield code="a">DS119.7</subfield>
    <subfield code="b">.B33</subfield>
  </datafield>
  <datafield tag="110" ind1="2" ind2=" ">
    <subfield code="a">Jāmiʻat Baghdād.</subfield>
    <subfield code="b">Maktabah al-Markazīyah.</subfield>
  </datafield>
  <datafield tag="245" ind1="1" ind2="0">
    <subfield code="a">Qāʾimah bi-al-maṭbūʻāt al-ʻArabīyah al-mawjūdah fī al-Maktabah al-Markazīyah li-Jāmiʻah Baghdād wa-allatī tabḥath ʻan Filasṭīn wa-Isrāʾīl wa-al-Ṣihyūnīyah. Tammūz 1967.</subfield>
  </datafield>
  <datafield tag="260" ind1=" " ind2=" ">
    <subfield code="a">Baghdād :</subfield>
    <subfield code="b">Jāmiʻat Baghdād,</subfield>
    <subfield code="c">1967.</subfield>
  </datafield>
  <datafield tag="300" ind1=" " ind2=" ">
    <subfield code="a">10, 14 leaves ;</subfield>
    <subfield code="c">33 cm. +</subfield>
    <subfield code="e">Mulhaq. Raqm.</subfield>
  </datafield>
  <datafield tag="650" ind1=" " ind2="0">
    <subfield code="a">Jewish-Arab relations</subfield>
    <subfield code="v">Bibliography.</subfield>
  </datafield>
  <datafield tag="955" ind1=" " ind2=" ">
    <subfield code="b">CU58108661</subfield>
    <subfield code="d">off,leh</subfield>
    <subfield code="e">DS119.7 .B33</subfield>
  </datafield>
</record>
</collection>